@ARTICLE{Awasthi2018,
   author = {{Awasthi}, A.~K. and {Rudawy}, P. and {Falewicz}, R. and {Berlicki}, A. and {Liu}, R.},
    title = "{Chromospheric Response during the Precursor and the Main Phase of a B6.4 Flare on 2005 August 20}",
  journal = {\apj},
archivePrefix = "arXiv",
   eprint = {1804.02632},
 primaryClass = "astro-ph.SR",
 keywords = {conduction, radiation mechanisms: non-thermal, radiation mechanisms: thermal, Sun: flares, Sun: magnetic fields },
     year = 2018,
    month = may,
   volume = 858,
      eid = {98},
    pages = {98},
      doi = {10.3847/1538-4357/aabd76},
   adsurl = {http://adsabs.harvard.edu/abs/2018ApJ...858...98A},
  adsnote = {Provided by the SAO/NASA Astrophysics Data System}
}

@ARTICLE{Battaglia2015,
   author = {{Battaglia}, M. and {Kleint}, L. and {Krucker}, S. and {Graham}, D. },
    title = "{How Important Are Electron Beams in Driving Chromospheric Evaporation in the 2014 March 29 Flare?}",
  journal = {\apj},
archivePrefix = "arXiv",
   eprint = {1509.09186},
 primaryClass = "astro-ph.SR",
 keywords = {Sun: chromosphere, Sun: flares, Sun: UV radiation, Sun: X-rays, gamma rays},
     year = 2015,
    month = nov,
   volume = 813,
      eid = {113},
    pages = {113},
      doi = {10.1088/0004-637X/813/2/113},
   adsurl = {http://adsabs.harvard.edu/abs/2015ApJ...813..113B},
  adsnote = {Provided by the SAO/NASA Astrophysics Data System}
}

@ARTICLE{Beckers1969,
   author = {{Beckers}, J.~M. and {Tallant}, P.~E.},
    title = "{Chromospheric Inhomogeneities in Sunspot Umbrae}",
  journal = {\solphys},
     year = 1969,
    month = jun,
   volume = 7,
    pages = {351-365},
      doi = {10.1007/BF00146140},
   adsurl = {http://adsabs.harvard.edu/abs/1969SoPh....7..351B},
  adsnote = {Provided by the SAO/NASA Astrophysics Data System}
}

@ARTICLE{Beckers1972,
   author = {{Beckers}, J.~M. and {Schultz}, R.~B.},
    title = "{Oscillatory Motions in Sunspots}",
  journal = {\solphys},
     year = 1972,
    month = nov,
   volume = 27,
    pages = {61-70},
      doi = {10.1007/BF00151770},
   adsurl = {http://adsabs.harvard.edu/abs/1972SoPh...27...61B},
  adsnote = {Provided by the SAO/NASA Astrophysics Data System}
}

@ARTICLE{Boerner2012,
   author = {{Boerner}, P. and {Edwards}, C. and {Lemen}, J. and {Rausch}, A. and {Schrijver}, C. and {Shine}, R. and {Shing}, L. and {Stern}, R. and {Tarbell}, T. and {Title}, A. and {Wolfson}, C.~J. and {Soufli}, R. and {Spiller}, E. and {Gullikson}, E. and {McKenzie}, D. and {Windt}, D. and {Golub}, L. and {Podgorski}, W. and {Testa}, P. and {Weber}, M. },
    title = "{Initial Calibration of the Atmospheric Imaging Assembly (AIA) on the Solar Dynamics Observatory (SDO)}",
  journal = {\solphys},
 keywords = {Instrumentation, EUV, Soft X-ray, Chromosphere, Corona, Transition region},
     year = 2012,
    month = jan,
   volume = 275,
    pages = {41-66},
      doi = {10.1007/s11207-011-9804-8},
   adsurl = {http://adsabs.harvard.edu/abs/2012SoPh..275...41B},
  adsnote = {Provided by the SAO/NASA Astrophysics Data System}
}

@ARTICLE{Bogdan2006,
   author = {{Bogdan}, T.~J. and {Judge}, P.~G.},
    title = "{Observational aspects of sunspot oscillations}",
  journal = {Philosophical Transactions of the Royal Society of London Series A},
     year = 2006,
    month = feb,
   volume = 364,
    pages = {313-331},
      doi = {10.1098/rsta.2005.1701},
   adsurl = {http://adsabs.harvard.edu/abs/2006RSPTA.364..313B},
  adsnote = {Provided by the SAO/NASA Astrophysics Data System}
}

@ARTICLE{Brannon2015,
   author = {{Brannon}, S.~R. and {Longcope}, D.~W. and {Qiu}, J.},
    title = "{Spectroscopic Observations of an Evolving Flare Ribbon Substructure Suggesting Origin in Current Sheet Waves}",
  journal = {\apj},
archivePrefix = "arXiv",
   eprint = {1507.01554},
 primaryClass = "astro-ph.SR",
 keywords = {Sun: chromosphere, Sun: flares, Sun: transition region},
     year = 2015,
    month = sep,
   volume = 810,
      eid = {4},
    pages = {4},
      doi = {10.1088/0004-637X/810/1/4},
   adsurl = {http://adsabs.harvard.edu/abs/2015ApJ...810....4B},
  adsnote = {Provided by the SAO/NASA Astrophysics Data System}
}

@ARTICLE{Brosius2015,
   author = {{Brosius}, J.~W. and {Daw}, A.~N.},
    title = "{Quasi-periodic Fluctuations and Chromospheric Evaporation in a Solar Flare Ribbon Observed by IRIS}",
  journal = {\apj},
 keywords = {Sun: activity, Sun: chromosphere, Sun: flares, Sun: UV radiation},
     year = 2015,
    month = sep,
   volume = 810,
      eid = {45},
    pages = {45},
      doi = {10.1088/0004-637X/810/1/45},
   adsurl = {http://adsabs.harvard.edu/abs/2015ApJ...810...45B},
  adsnote = {Provided by the SAO/NASA Astrophysics Data System}
}

@ARTICLE{Brosius2016,
   author = {{Brosius}, J.~W. and {Daw}, A.~N. and {Inglis}, A.~R.},
    title = "{Quasi-periodic Fluctuations and Chromospheric Evaporation in a Solar Flare Ribbon Observed by Hinode/EIS, IRIS, and RHESSI}",
  journal = {\apj},
 keywords = {Sun: activity, Sun: chromosphere, Sun: flares, Sun: oscillations, Sun: UV radiation, Sun: X-rays, gamma-rays},
     year = 2016,
    month = oct,
   volume = 830,
      eid = {101},
    pages = {101},
      doi = {10.3847/0004-637X/830/2/101},
   adsurl = {http://adsabs.harvard.edu/abs/2016ApJ...830..101B},
  adsnote = {Provided by the SAO/NASA Astrophysics Data System}
}

@ARTICLE{Brown1971,
   author = {{Brown}, J.~C.},
    title = "{The Deduction of Energy Spectra of Non-Thermal Electrons in Flares from the Observed Dynamic Spectra of Hard X-Ray Bursts}",
  journal = {\solphys},
     year = 1971,
    month = jul,
   volume = 18,
    pages = {489-502},
      doi = {10.1007/BF00149070},
   adsurl = {http://adsabs.harvard.edu/abs/1971SoPh...18..489B},
  adsnote = {Provided by the SAO/NASA Astrophysics Data System}
}

@ARTICLE{Bryans2016,
   author = {{Bryans}, P. and {McIntosh}, S.~W. and {De Moortel}, I. and {De Pontieu}, B.},
    title = "{On the Connection between Propagating Solar Coronal Disturbances and Chromospheric Footpoints}",
  journal = {\apjl},
 keywords = {Sun: chromosphere, Sun: corona, Sun: magnetic fields, Sun: transition region},
     year = 2016,
    month = sep,
   volume = 829,
      eid = {L18},
    pages = {L18},
      doi = {10.3847/2041-8205/829/1/L18},
   adsurl = {http://adsabs.harvard.edu/abs/2016ApJ...829L..18B},
  adsnote = {Provided by the SAO/NASA Astrophysics Data System}
}

@ARTICLE{Brynildsen1999,
   author = {{Brynildsen}, N. and {Kjeldseth-Moe}, O. and {Maltby}, P. and {Wilhelm}, K.},
    title = "{Nonlinear Sunspot Transition Region Oscillations in NOAA 8378}",
  journal = {\apjl},
 keywords = {SUN: OSCILLATIONS, SUN: TRANSITION REGION, SUN: UV RADIATION, SUN: SUNSPOTS, Sun: Oscillations, Sun: Transition Region, Sun: UV Radiation, Sun: Sunspots},
     year = 1999,
    month = jun,
   volume = 517,
    pages = {L159-L162},
      doi = {10.1086/312050},
   adsurl = {http://adsabs.harvard.edu/abs/1999ApJ...517L.159B},
  adsnote = {Provided by the SAO/NASA Astrophysics Data System}
}

@INPROCEEDINGS{Brynildsen2004,
   author = {{Brynildsen}, N. and {Maltby}, P. and {Fredvik}, T. and {Kjeldseth-Moe}, O. },
    title = "{Oscillations Above the Umbra of Sunspots}",
 keywords = {sunspot, oscillation, ultraviolet},
booktitle = {SOHO 13 Waves, Oscillations and Small-Scale Transients Events in the Solar Atmosphere:  Joint View from SOHO and TRACE},
     year = 2004,
   series = {ESA Special Publication},
   volume = 547,
   editor = {{Lacoste}, H.},
    month = jan,
    pages = {45},
   adsurl = {http://adsabs.harvard.edu/abs/2004ESASP.547...45B},
  adsnote = {Provided by the SAO/NASA Astrophysics Data System}
}

@ARTICLE{Chae2015,
   author = {{Chae}, J. and {Goode}, P.~R.},
    title = "{Acoustic Waves Generated by Impulsive Disturbances in a Gravitationally Stratified Medium}",
  journal = {\apj},
 keywords = {hydrodynamics, Sun: atmosphere, Sun: chromosphere, Sun: oscillations, waves},
     year = 2015,
    month = aug,
   volume = 808,
      eid = {118},
    pages = {118},
      doi = {10.1088/0004-637X/808/2/118},
   adsurl = {http://adsabs.harvard.edu/abs/2015ApJ...808..118C},
  adsnote = {Provided by the SAO/NASA Astrophysics Data System}
}

@ARTICLE{DeMoortel2000,
   author = {{De Moortel}, I. and {Ireland}, J. and {Walsh}, R.~W.},
    title = "{Observation of oscillations in coronal loops}",
  journal = {\aap},
 keywords = {MAGNETOHYDRODYNAMICS (MHD), SUN: ACTIVITY, SUN: CORONA, SUN: OSCILLATIONS},
     year = 2000,
    month = mar,
   volume = 355,
    pages = {L23-L26},
   adsurl = {http://adsabs.harvard.edu/abs/2000A%26A...355L..23D},
  adsnote = {Provided by the SAO/NASA Astrophysics Data System}
}

@ARTICLE{DeMoortel2012,
   author = {{De Moortel}, I. and {Nakariakov}, V.~M.},
    title = "{Magnetohydrodynamic waves and coronal seismology: an overview of recent results}",
  journal = {Philosophical Transactions of the Royal Society of London Series A},
archivePrefix = "arXiv",
   eprint = {1202.1944},
 primaryClass = "astro-ph.SR",
     year = 2012,
    month = jul,
   volume = 370,
    pages = {3193-3216},
      doi = {10.1098/rsta.2011.0640},
   adsurl = {http://adsabs.harvard.edu/abs/2012RSPTA.370.3193D},
  adsnote = {Provided by the SAO/NASA Astrophysics Data System}
}

@ARTICLE{DePontieu2014,
   author = {{De Pontieu}, B. and {Title}, A.~M. and {Lemen}, J.~R. and {Kushner}, G.~D. and {Akin}, D.~J. and {Allard}, B. and {Berger}, T. and {Boerner}, P. and {Cheung}, M. and {Chou}, C. and {Drake}, J.~F. and {Duncan}, D.~W. and {Freeland}, S. and {Heyman}, G.~F. and {Hoffman}, C. and {Hurlburt}, N.~E. and {Lindgren}, R.~W. and {Mathur}, D. and {Rehse}, R. and {Sabolish}, D. and {Seguin}, R. and {Schrijver}, C.~J. and {Tarbell}, T.~D. and {W{\"u}lser}, J.-P. and {Wolfson}, C.~J. and {Yanari}, C. and {Mudge}, J. and {Nguyen-Phuc}, N. and {Timmons}, R. and {van Bezooijen}, R. and {Weingrod}, I. and {Brookner}, R. and {Butcher}, G. and {Dougherty}, B. and {Eder}, J. and {Knagenhjelm}, V. and {Larsen}, S. and {Mansir}, D. and {Phan}, L. and {Boyle}, P. and {Cheimets}, P.~N. and {DeLuca}, E.~E. and {Golub}, L. and {Gates}, R. and {Hertz}, E. and {McKillop}, S. and {Park}, S. and {Perry}, T. and {Podgorski}, W.~A. and {Reeves}, K. and {Saar}, S. and {Testa}, P. and {Tian}, H. and {Weber}, M. and {Dunn}, C. and {Eccles}, S. and {Jaeggli}, S.~A. and {Kankelborg}, C.~C. and {Mashburn}, K. and {Pust}, N. and {Springer}, L. and {Carvalho}, R. and {Kleint}, L. and {Marmie}, J. and {Mazmanian}, E. and {Pereira}, T.~M.~D. and {Sawyer}, S. and {Strong}, J. and {Worden}, S.~P. and {Carlsson}, M. and {Hansteen}, V.~H. and {Leenaarts}, J. and {Wiesmann}, M. and {Aloise}, J. and {Chu}, K.-C. and {Bush}, R.~I. and {Scherrer}, P.~H. and {Brekke}, P. and {Martinez-Sykora}, J. and {Lites}, B.~W. and {McIntosh}, S.~W. and {Uitenbroek}, H. and {Okamoto}, T.~J. and {Gummin}, M.~A. and {Auker}, G. and {Jerram}, P. and {Pool}, P. and {Waltham}, N.},
    title = "{The Interface Region Imaging Spectrograph (IRIS)}",
  journal = {\solphys},
archivePrefix = "arXiv",
   eprint = {1401.2491},
 primaryClass = "astro-ph.SR",
 keywords = {Heating, chromospheric, Heating, coronal, Chromosphere, models, Chromosphere, active, Corona, active, Magnetic fields, chromosphere, Instrumentation and data management, Spectrum, ultraviolet},
     year = 2014,
    month = jul,
   volume = 289,
    pages = {2733-2779},
      doi = {10.1007/s11207-014-0485-y},
   adsurl = {http://adsabs.harvard.edu/abs/2014SoPh..289.2733D},
  adsnote = {Provided by the SAO/NASA Astrophysics Data System}
}

@ARTICLE{DeWijn2009,
   author = {{de Wijn}, A.~G. and {McIntosh}, S.~W. and {De Pontieu}, B.},
    title = "{On the Propagation of p-Modes Into the Solar Chromosphere}",
  journal = {\apjl},
archivePrefix = "arXiv",
   eprint = {0908.1383},
 primaryClass = "astro-ph.SR",
 keywords = {Sun: chromosphere, Sun: magnetic fields, Sun: oscillations},
     year = 2009,
    month = sep,
   volume = 702,
    pages = {L168-L171},
      doi = {10.1088/0004-637X/702/2/L168},
   adsurl = {http://adsabs.harvard.edu/abs/2009ApJ...702L.168D},
  adsnote = {Provided by the SAO/NASA Astrophysics Data System}
}

@ARTICLE{Deng2007,
   author = {{Deng}, N. and {Choudhary}, D.~P. and {Tritschler}, A. and {Denker}, C. and {Liu}, C. and {Wang}, H.},
    title = "{Flow Field Evolution of a Decaying Sunspot}",
  journal = {\apj},
archivePrefix = "arXiv",
   eprint = {0709.3340},
 keywords = {Instrumentation: High Angular Resolution, Instrumentation: Spectrographs, Sun: Activity, Sun: Photosphere, Sun: Sunspots, Techniques: Spectroscopic},
     year = 2007,
    month = dec,
   volume = 671,
    pages = {1013-1021},
      doi = {10.1086/523102},
   adsurl = {http://adsabs.harvard.edu/abs/2007ApJ...671.1013D},
  adsnote = {Provided by the SAO/NASA Astrophysics Data System}
}

@ARTICLE{Dolla2012,
   author = {{Dolla}, L. and {Marqu{\'e}}, C. and {Seaton}, D.~B. and {Van Doorsselaere}, T. and {Dominique}, M. and {Berghmans}, D. and {Cabanas}, C. and {De Groof}, A. and {Schmutz}, W. and {Verdini}, A. and {West}, M.~J. and {Zender}, J. and {Zhukov}, A.~N.},
    title = "{Time Delays in Quasi-periodic Pulsations Observed during the X2.2 Solar Flare on 2011 February 15}",
  journal = {\apjl},
archivePrefix = "arXiv",
   eprint = {1203.6223},
 primaryClass = "astro-ph.SR",
 keywords = {Sun: flares, Sun: oscillations, Sun: radio radiation, Sun: UV radiation, Sun: X-rays, gamma rays, waves},
     year = 2012,
    month = apr,
   volume = 749,
      eid = {L16},
    pages = {L16},
      doi = {10.1088/2041-8205/749/1/L16},
   adsurl = {http://adsabs.harvard.edu/abs/2012ApJ...749L..16D},
  adsnote = {Provided by the SAO/NASA Astrophysics Data System}
}

@ARTICLE{Felipe2010,
   author = {{Felipe}, T. and {Khomenko}, E. and {Collados}, M.},
    title = "{Magneto-acoustic Waves in Sunspots: First Results From a New Three-dimensional Nonlinear Magnetohydrodynamic Code}",
  journal = {\apj},
archivePrefix = "arXiv",
   eprint = {1006.2998},
 primaryClass = "astro-ph.SR",
 keywords = {magnetohydrodynamics: MHD, Sun: chromosphere, Sun: oscillations, Sun: photosphere, sunspots},
     year = 2010,
    month = aug,
   volume = 719,
    pages = {357-377},
      doi = {10.1088/0004-637X/719/1/357},
   adsurl = {http://adsabs.harvard.edu/abs/2010ApJ...719..357F},
  adsnote = {Provided by the SAO/NASA Astrophysics Data System}
}

@ARTICLE{Fleck1991,
   author = {{Fleck}, B. and {Schmitz}, F.},
    title = "{The 3-min oscillations of the solar chromosphere - A basic physical effect?}",
  journal = {\aap},
 keywords = {Chromosphere, Solar Oscillations, Solar Physics, Hydrodynamics, Solar Cycles},
     year = 1991,
    month = oct,
   volume = 250,
    pages = {235-244},
   adsurl = {http://adsabs.harvard.edu/abs/1991A%26A...250..235F},
  adsnote = {Provided by the SAO/NASA Astrophysics Data System}
}

@ARTICLE{Fletcher2013b,
   author = {{Fletcher}, L. and {Hannah}, I.~G. and {Hudson}, H.~S. and {Innes}, D.~E. },
    title = "{Flare Ribbon Energetics in the Early Phase of an SDO Flare}",
  journal = {\apj},
archivePrefix = "arXiv",
   eprint = {1401.6538},
 primaryClass = "astro-ph.SR",
 keywords = {Sun: activity, Sun: chromosphere, Sun: flares, Sun: UV radiation, Sun: X-rays, gamma rays},
     year = 2013,
    month = jul,
   volume = 771,
      eid = {104},
    pages = {104},
      doi = {10.1088/0004-637X/771/2/104},
   adsurl = {http://adsabs.harvard.edu/abs/2013ApJ...771..104F},
  adsnote = {Provided by the SAO/NASA Astrophysics Data System}
}

@ARTICLE{Gary2001,
   author = {{Gary}, G.~A.},
    title = "{Plasma Beta above a Solar Active Region: Rethinking the Paradigm}",
  journal = {\solphys},
     year = 2001,
    month = oct,
   volume = 203,
    pages = {71-86},
      doi = {10.1023/A:1012722021820},
   adsurl = {http://adsabs.harvard.edu/abs/2001SoPh..203...71G},
  adsnote = {Provided by the SAO/NASA Astrophysics Data System}
}

@ARTICLE{Hayes2016,
   author = {{Hayes}, L.~A. and {Gallagher}, P.~T. and {Dennis}, B.~R. and {Ireland}, J. and {Inglis}, A.~R. and {Ryan}, D.~F.},
    title = "{Quasi-periodic Pulsations during the Impulsive and Decay phases of an X-class Flare}",
  journal = {\apjl},
archivePrefix = "arXiv",
   eprint = {1607.06957},
 primaryClass = "astro-ph.SR",
 keywords = {Sun: flares, Sun: oscillations, Sun: X-rays, gamma rays},
     year = 2016,
    month = aug,
   volume = 827,
      eid = {L30},
    pages = {L30},
      doi = {10.3847/2041-8205/827/2/L30},
   adsurl = {http://adsabs.harvard.edu/abs/2016ApJ...827L..30H},
  adsnote = {Provided by the SAO/NASA Astrophysics Data System}
}

@ARTICLE{Hoyng1981,
   author = {{Hoyng}, P. and {Duijveman}, A. and {Machado}, M.~E. and {Rust}, D.~M. and {Svestka}, Z. and {Boelee}, A. and {de Jager}, C. and {Frost}, K.~T. and {Lafleur}, H. and {Simnett}, G.~M. and {van Beek}, H.~F. and {Woodgate}, B.~E.},
    title = "{Origin and Location of the Hard X-Ray Emission in a Two-Ribbon Flare}",
  journal = {\apjl},
     year = 1981,
    month = jun,
   volume = 246,
    pages = {L155},
      doi = {10.1086/183574},
   adsurl = {http://adsabs.harvard.edu/abs/1981ApJ...246L.155H},
  adsnote = {Provided by the SAO/NASA Astrophysics Data System}
}

@INPROCEEDINGS{Hudson2007,
   author = {{Hudson}, H.~S.},
    title = "{Chromospheric Flares}",
booktitle = {The Physics of Chromospheric Plasmas},
     year = 2007,
   series = {Astronomical Society of the Pacific Conference Series},
   volume = 368,
archivePrefix = "arXiv",
   eprint = {0704.0823},
   editor = {{Heinzel}, P. and {Dorotovi{\v c}}, I. and {Rutten}, R.~J.},
    month = may,
    pages = {Heinzel},
   adsurl = {http://adsabs.harvard.edu/abs/2007ASPC..368..365H},
  adsnote = {Provided by the SAO/NASA Astrophysics Data System}
}

@ARTICLE{Inglis2009,
   author = {{Inglis}, A.~R. and {Nakariakov}, V.~M.},
    title = "{A multi-periodic oscillatory event in a solar flare}",
  journal = {\aap},
 keywords = {Sun: flares, Sun: oscillations, waves, Sun: corona, magnetohydrodynamics (MHD)},
     year = 2009,
    month = jan,
   volume = 493,
    pages = {259-266},
      doi = {10.1051/0004-6361:200810473},
   adsurl = {http://adsabs.harvard.edu/abs/2009A%26A...493..259I},
  adsnote = {Provided by the SAO/NASA Astrophysics Data System}
}

@ARTICLE{Inglis2015,
   author = {{Inglis}, A.~R. and {Ireland}, J. and {Dominique}, M.},
    title = "{Quasi-periodic Pulsations in Solar and Stellar Flares: Re-evaluating their Nature in the Context of Power-law Flare Fourier Spectra}",
  journal = {\apj},
archivePrefix = "arXiv",
   eprint = {1410.8162},
 primaryClass = "astro-ph.SR",
 keywords = {stars: flare, stars: oscillations, Sun: corona, Sun: flares, Sun: oscillations, Sun: UV radiation, Sun: X-rays, gamma rays},
     year = 2015,
    month = jan,
   volume = 798,
      eid = {108},
    pages = {108},
      doi = {10.1088/0004-637X/798/2/108},
   adsurl = {http://adsabs.harvard.edu/abs/2015ApJ...798..108I},
  adsnote = {Provided by the SAO/NASA Astrophysics Data System}
}

@ARTICLE{Jackiewicz2013,
   author = {{Jackiewicz}, J. and {Balasubramaniam}, K.~S.},
    title = "{Solar H{$\alpha$} Oscillations from Intensity and Doppler Observations}",
  journal = {\apj},
archivePrefix = "arXiv",
   eprint = {1301.2825},
 primaryClass = "astro-ph.SR",
 keywords = {Sun: atmosphere, Sun: filaments, prominences, Sun: flares, Sun: oscillations, techniques: image processing },
     year = 2013,
    month = mar,
   volume = 765,
      eid = {15},
    pages = {15},
      doi = {10.1088/0004-637X/765/1/15},
   adsurl = {http://adsabs.harvard.edu/abs/2013ApJ...765...15J},
  adsnote = {Provided by the SAO/NASA Astrophysics Data System}
}

@ARTICLE{Jakimiec2012,
   author = {{Jakimiec}, J. and {Tomczak}, M.},
    title = "{Investigation of Quasi-periodic Variations in Hard X-Rays of Solar Flares. II. Further Investigation of Oscillating Magnetic Traps}",
  journal = {\solphys},
archivePrefix = "arXiv",
   eprint = {1103.3165},
 primaryClass = "astro-ph.SR",
 keywords = {Flares, Energetic particles, Impulsive phase, Oscillations},
     year = 2012,
    month = jun,
   volume = 278,
    pages = {393-410},
      doi = {10.1007/s11207-012-9934-7},
   adsurl = {http://adsabs.harvard.edu/abs/2012SoPh..278..393J},
  adsnote = {Provided by the SAO/NASA Astrophysics Data System}
}

@ARTICLE{Janvier2014,
   author = {{Janvier}, M. and {Aulanier}, G. and {Bommier}, V. and {Schmieder}, B. and {D{\'e}moulin}, P. and {Pariat}, E.},
    title = "{Electric Currents in Flare Ribbons: Observations and Three-dimensional Standard Model}",
  journal = {\apj},
archivePrefix = "arXiv",
   eprint = {1402.2010},
 primaryClass = "astro-ph.SR",
 keywords = {magnetohydrodynamics: MHD, Sun: flares, Sun: photosphere, Sun: UV radiation},
     year = 2014,
    month = jun,
   volume = 788,
      eid = {60},
    pages = {60},
      doi = {10.1088/0004-637X/788/1/60},
   adsurl = {http://adsabs.harvard.edu/abs/2014ApJ...788...60J},
  adsnote = {Provided by the SAO/NASA Astrophysics Data System}
}

@INPROCEEDINGS{Judge2006,
   author = {{Judge}, P.},
    title = "{Observations of the Solar Chromosphere}",
booktitle = {Solar MHD Theory and Observations: A High Spatial Resolution Perspective},
     year = 2006,
   series = {Astronomical Society of the Pacific Conference Series},
   volume = 354,
   editor = {{Leibacher}, J. and {Stein}, R.~F. and {Uitenbroek}, H.},
    month = dec,
    pages = {259},
   adsurl = {http://adsabs.harvard.edu/abs/2006ASPC..354..259J},
  adsnote = {Provided by the SAO/NASA Astrophysics Data System}
}

@ARTICLE{Kalkofen1994,
   author = {{Kalkofen}, W. and {Rossi}, P. and {Bodo}, G. and {Massaglia}, S.},
    title = "{Propagation of acoustic waves in a stratified atmosphere, 1}",
  journal = {\aap},
 keywords = {Acoustic Propagation, Atmospheric Stratification, Chromosphere, Gravity Waves, Isothermal Processes, Shock Waves, Solar Oscillations, Fourier Transformation, Hydrodynamic Equations, Linearity, Perturbation, Pistons, Spatial Distribution, Time Dependence, Velocity},
     year = 1994,
    month = apr,
   volume = 284,
    pages = {976-984},
   adsurl = {http://adsabs.harvard.edu/abs/1994A%26A...284..976K},
  adsnote = {Provided by the SAO/NASA Astrophysics Data System}
}

@ARTICLE{Khomenko2015,
    author="Khomenko, Elena and Collados, Manuel",
    title="Oscillations and Waves in Sunspots",
    journal="Living Reviews in Solar Physics",
    year="2015",
    month="Nov",
    day="25",
    volume="12",
    number="1",
    pages="6",
    abstract="A magnetic field modifies the properties of waves in a complex way. Significant advances have been made recently in our understanding of the physics of sunspot waves with the help of high-resolution observations, analytical theories, as well as numerical simulations. We review the current ideas in the field, providing the most coherent picture of sunspot oscillations as by present understanding.",
    issn="1614-4961",
    doi="10.1007/lrsp-2015-6",
    url="https://doi.org/10.1007/lrsp-2015-6"
}

@ARTICLE{Kumar2006,
   author = {{Kumar}, B. and {Ravindra}, B.},
    title = "{Analysis of Enhanced Velocity Signals Observed during Solar Flares}",
  journal = {Journal of Astrophysics and Astronomy},
 keywords = {Sun: oscillations, Sun: sunspots, Sun: flares.},
     year = 2006,
    month = dec,
   volume = 27,
    pages = {425-438},
      doi = {10.1007/BF02709368},
   adsurl = {http://adsabs.harvard.edu/abs/2006JApA...27..425K},
  adsnote = {Provided by the SAO/NASA Astrophysics Data System}
}

@ARTICLE{Kumar2016,
   author = {{Kumar}, P. and {Nakariakov}, V.~M. and {Cho}, K.-S.},
    title = "{Observation of a Quasiperiodic Pulsation in Hard X-Ray, Radio, and Extreme-ultraviolet Wavelengths}",
  journal = {\apj},
archivePrefix = "arXiv",
   eprint = {1603.03121},
 primaryClass = "astro-ph.SR",
 keywords = {magnetic fields, Sun: corona, Sun: filaments, prominences, Sun: flares, Sun: oscillations, sunspots},
     year = 2016,
    month = may,
   volume = 822,
      eid = {7},
    pages = {7},
      doi = {10.3847/0004-637X/822/1/7},
   adsurl = {http://adsabs.harvard.edu/abs/2016ApJ...822....7K},
  adsnote = {Provided by the SAO/NASA Astrophysics Data System}
}

@ARTICLE{Kwak2016,
   author = {{Kwak}, H. and {Chae}, J. and {Song}, D. and {Kim}, Y.-H. and {Lim}, E.-K. and {Madjarska}, M.~S.},
    title = "{Oscillatory Response of the Solar Chromosphere to a Strong Downflow Event above a Sunspot}",
  journal = {\apjl},
archivePrefix = "arXiv",
   eprint = {1604.02252},
 primaryClass = "astro-ph.SR",
 keywords = {Sun: atmosphere, Sun: chromosphere, Sun: oscillations},
     year = 2016,
    month = apr,
   volume = 821,
      eid = {L30},
    pages = {L30},
      doi = {10.3847/2041-8205/821/2/L30},
   adsurl = {http://adsabs.harvard.edu/abs/2016ApJ...821L..30K},
  adsnote = {Provided by the SAO/NASA Astrophysics Data System}
}

@ARTICLE{Lemen2012,
   author = {{Lemen}, J.~R. and {Title}, A.~M. and {Akin}, D.~J. and {Boerner}, P.~F. and {Chou}, C. and {Drake}, J.~F. and {Duncan}, D.~W. and {Edwards}, C.~G. and {Friedlaender}, F.~M. and {Heyman}, G.~F. and {Hurlburt}, N.~E. and {Katz}, N.~L. and {Kushner}, G.~D. and {Levay}, M. and {Lindgren}, R.~W. and {Mathur}, D.~P. and {McFeaters}, E.~L. and {Mitchell}, S. and {Rehse}, R.~A. and {Schrijver}, C.~J. and {Springer}, L.~A. and {Stern}, R.~A. and {Tarbell}, T.~D. and {Wuelser}, J.-P. and {Wolfson}, C.~J. and {Yanari}, C. and {Bookbinder}, J.~A. and {Cheimets}, P.~N. and {Caldwell}, D. and {Deluca}, E.~E. and {Gates}, R. and {Golub}, L. and {Park}, S. and {Podgorski}, W.~A. and {Bush}, R.~I. and {Scherrer}, P.~H. and {Gummin}, M.~A. and {Smith}, P. and {Auker}, G. and {Jerram}, P. and {Pool}, P. and {Soufli}, R. and {Windt}, D.~L. and {Beardsley}, S. and {Clapp}, M. and {Lang}, J. and {Waltham}, N.},
    title = "{The Atmospheric Imaging Assembly (AIA) on the Solar Dynamics Observatory (SDO)}",
  journal = {\solphys},
 keywords = {Solar corona, Solar instrumentation, Solar imaging, Extreme ultraviolet},
     year = 2012,
    month = jan,
   volume = 275,
    pages = {17-40},
      doi = {10.1007/s11207-011-9776-8},
   adsurl = {http://cdsads.u-strasbg.fr/abs/2012SoPh..275...17L},
  adsnote = {Provided by the SAO/NASA Astrophysics Data System}
}

@ARTICLE{Li2017,
   author = {{Li}, D. and {Zhang}, Q.~M.},
    title = "{Quasi-periodic pulsations with multiple periods in hard X-ray emission}",
  journal = {\mnras},
archivePrefix = "arXiv",
   eprint = {1706.01680},
 primaryClass = "astro-ph.SR",
 keywords = {Sun: flares, Sun: oscillations, Sun: X-rays, gamma-rays},
     year = 2017,
    month = oct,
   volume = 471,
    pages = {L6-L10},
      doi = {10.1093/mnrasl/slx091},
   adsurl = {http://adsabs.harvard.edu/abs/2017MNRAS.471L...6L},
  adsnote = {Provided by the SAO/NASA Astrophysics Data System}
}

@ARTICLE{Lites1985,
   author = {{Lites}, B.~W. and {Thomas}, J.~H.},
    title = "{Sunspot umbral oscillations in the photosphere and low chromosphere}",
  journal = {\apj},
 keywords = {Chromosphere, Photosphere, Solar Atmosphere, Solar Oscillations, Sunspots, Umbras, Kinetic Energy, Line Spectra, Power Spectra},
     year = 1985,
    month = jul,
   volume = 294,
    pages = {682-688},
      doi = {10.1086/163338},
   adsurl = {http://adsabs.harvard.edu/abs/1985ApJ...294..682L},
  adsnote = {Provided by the SAO/NASA Astrophysics Data System}
}

@ARTICLE{Maltby1999,
   author = {{Maltby}, P. and {Brynildsen}, N. and {Fredvik}, T. and {Kjeldseth-Moe}, O. and
    {Wilhelm}, K.},
    title = "{On the sunspot transition region}",
  journal = {\solphys},
     year = 1999,
    month = dec,
   volume = 190,
    pages = {437-458},
      doi = {10.1023/A:1005242405179},
   adsurl = {http://adsabs.harvard.edu/abs/1999SoPh..190..437M},
  adsnote = {Provided by the SAO/NASA Astrophysics Data System}
}

@ARTICLE{McAteer2002,
   author = {{McAteer}, R.~T.~J. and {Gallagher}, P.~T. and {Williams}, D.~R. and {Mathioudakis}, M. and {Phillips}, K.~J.~H. and {Keenan}, F.~P. },
    title = "{Long-Period Chromospheric Oscillations in Network Bright Points}",
  journal = {\apjl},
 keywords = {Sun: Chromosphere, Sun: Magnetic Fields, Sun: Oscillations, Sun: Photosphere},
     year = 2002,
    month = mar,
   volume = 567,
    pages = {L165-L168},
      doi = {10.1086/340110},
   adsurl = {http://adsabs.harvard.edu/abs/2002ApJ...567L.165M},
  adsnote = {Provided by the SAO/NASA Astrophysics Data System}
}

@ARTICLE{McAteer2003,
   author = {{McAteer}, R.~T.~J. and {Gallagher}, P.~T. and {Williams}, D.~R. and {Mathioudakis}, M. and {Bloomfield}, D.~S. and {Phillips}, K.~J.~H. and {Keenan}, F.~P.},
    title = "{Observational Evidence for Mode Coupling in the Chromospheric Network}",
  journal = {\apj},
 keywords = {Magnetohydrodynamics: MHD, Sun: Chromosphere, Sun: Magnetic Fields, Sun: Oscillations, Sun: Photosphere},
     year = 2003,
    month = apr,
   volume = 587,
    pages = {806-817},
      doi = {10.1086/368304},
   adsurl = {http://adsabs.harvard.edu/abs/2003ApJ...587..806M},
  adsnote = {Provided by the SAO/NASA Astrophysics Data System}
}

@ARTICLE{McAteer2004,
   author = {{McAteer}, R.~T.~J. and {Gallagher}, P.~T. and {Bloomfield}, D.~S. and {Williams}, D.~R. and {Mathioudakis}, M. and {Keenan}, F.~P. },
    title = "{Ultraviolet Oscillations in the Chromosphere of the Quiet Sun}",
  journal = {\apj},
 keywords = {Methods: Statistical, Sun: Chromosphere, Sun: Oscillations, Sun: Photosphere, Sun: UV Radiation},
     year = 2004,
    month = feb,
   volume = 602,
    pages = {436-445},
      doi = {10.1086/380835},
   adsurl = {http://adsabs.harvard.edu/abs/2004ApJ...602..436M},
  adsnote = {Provided by the SAO/NASA Astrophysics Data System}
}

@ARTICLE{McAteer2005,
   author = {{McAteer}, R.~T.~J. and {Gallagher}, P.~T. and {Brown}, D.~S. and {Bloomfield}, D.~S. and {Moore}, R. and {Williams}, D.~R. and {Mathioudakis}, M. and {Katsiyannis}, A. and {Keenan}, F.~P. },
    title = "{Observations of H{$\alpha$} Intensity Oscillations in a Flare Ribbon}",
  journal = {\apj},
 keywords = {Sun: Chromosphere, Sun: Flares, Sun: Magnetic Fields, Sun: Oscillations, Sun: Photosphere},
     year = 2005,
    month = feb,
   volume = 620,
    pages = {1101-1106},
      doi = {10.1086/427084},
   adsurl = {http://adsabs.harvard.edu/abs/2005ApJ...620.1101M},
  adsnote = {Provided by the SAO/NASA Astrophysics Data System}
}

@ARTICLE{Milligan2014,
   author = {{Milligan}, R.~O. and {Kerr}, G.~S. and {Dennis}, B.~R. and {Hudson}, H.~S. and {Fletcher}, L. and {Allred}, J.~C. and {Chamberlin}, P.~C. and {Ireland}, J. and {Mathioudakis}, M. and {Keenan}, F.~P.},
    title = "{The Radiated Energy Budget of Chromospheric Plasma in a Major Solar Flare Deduced from Multi-wavelength Observations}",
  journal = {\apj},
archivePrefix = "arXiv",
   eprint = {1406.7657},
 primaryClass = "astro-ph.SR",
 keywords = {Sun: chromosphere, Sun: flares, Sun: UV radiation, Sun: X-rays, gamma rays },
     year = 2014,
    month = oct,
   volume = 793,
      eid = {70},
    pages = {70},
      doi = {10.1088/0004-637X/793/2/70},
   adsurl = {http://adsabs.harvard.edu/abs/2014ApJ...793...70M},
  adsnote = {Provided by the SAO/NASA Astrophysics Data System}
}

@ARTICLE{Milligan2015,
   author = {{Milligan}, R.~O.},
    title = "{Extreme Ultra-Violet Spectroscopy of the Lower Solar Atmosphere During Solar Flares (Invited Review)}",
  journal = {\solphys},
archivePrefix = "arXiv",
   eprint = {1501.04829},
 primaryClass = "astro-ph.SR",
 keywords = {Chromosphere, active, Flares, dynamics, Flares, impulsive phase, Flares, spectrum, Heating, chromospheric, Heating, in flares, Spectral line, broadening, Spectral line, intensity and diagnostics, Spectrum, continuum, Spectrum, ultraviolet},
     year = 2015,
    month = dec,
   volume = 290,
    pages = {3399-3423},
      doi = {10.1007/s11207-015-0748-2},
   adsurl = {http://adsabs.harvard.edu/abs/2015SoPh..290.3399M},
  adsnote = {Provided by the SAO/NASA Astrophysics Data System}
}

@ARTICLE{Milligan2017,
   author = {{Milligan}, R.~O. and {Fleck}, B. and {Ireland}, J. and {Fletcher}, L. and 
	{Dennis}, B.~R.},
    title = "{Detection of Three-minute Oscillations in Full-disk Ly{$\alpha$} Emission during a Solar Flare}",
  journal = {\apjl},
archivePrefix = "arXiv",
   eprint = {1709.09037},
 primaryClass = "astro-ph.SR",
 keywords = {Sun: activity, Sun: chromosphere, Sun: flares, Sun: oscillations, Sun: UV radiation},
     year = 2017,
    month = oct,
   volume = 848,
      eid = {L8},
    pages = {L8},
      doi = {10.3847/2041-8213/aa8f3a},
   adsurl = {http://adsabs.harvard.edu/abs/2017ApJ...848L...8M},
  adsnote = {Provided by the SAO/NASA Astrophysics Data System}
}

@ARTICLE{Monsue2016,
   author = {{Monsue}, T. and {Hill}, F. and {Stassun}, K.~G.},
    title = "{Temporal Evolution of Chromospheric Oscillations in Flaring Regions: A Pilot Study}",
  journal = {\aj},
 keywords = {Sun: chromosphere, Sun: flares, Sun: helioseismology, Sun: oscillations, sunspots, techniques: image processing},
     year = 2016,
    month = oct,
   volume = 152,
      eid = {81},
    pages = {81},
      doi = {10.3847/0004-6256/152/4/81},
   adsurl = {http://adsabs.harvard.edu/abs/2016AJ....152...81M},
  adsnote = {Provided by the SAO/NASA Astrophysics Data System}
}

@ARTICLE{Nakariakov2009,
   author = {{Nakariakov}, V.~M. and {Melnikov}, V.~F.},
    title = "{Quasi-Periodic Pulsations in Solar Flares}",
  journal = {\ssr},
 keywords = {Magnetohydrodynamics and plasmas, Flares, Magnetohydrodynamic waves, Magnetic reconnection},
     year = 2009,
    month = dec,
   volume = 149,
    pages = {119-151},
      doi = {10.1007/s11214-009-9536-3},
   adsurl = {http://adsabs.harvard.edu/abs/2009SSRv..149..119N},
  adsnote = {Provided by the SAO/NASA Astrophysics Data System}
}

@ARTICLE{Ning2017,
   author = {{Ning}, Z.},
    title = "{One-Minute Quasi-Periodic Pulsations Seen in a Solar Flare}",
  journal = {\solphys},
 keywords = {Oscillations, solar},
     year = 2017,
    month = jan,
   volume = 292,
      eid = {11},
    pages = {11},
      doi = {10.1007/s11207-016-1037-4},
   adsurl = {http://adsabs.harvard.edu/abs/2017SoPh..292...11N},
  adsnote = {Provided by the SAO/NASA Astrophysics Data System}
}

@ARTICLE{OShea2002,
   author = {{O'Shea}, E. and {Muglach}, K. and {Fleck}, B.},
    title = "{Oscillations above sunspots: Evidence for propagating waves?}",
  journal = {\aap},
 keywords = {Sun: sunspot, Sun: oscillations, waves},
     year = 2002,
    month = may,
   volume = 387,
    pages = {642-664},
      doi = {10.1051/0004-6361:20020375},
   adsurl = {http://adsabs.harvard.edu/abs/2002A%26A...387..642O},
  adsnote = {Provided by the SAO/NASA Astrophysics Data System}
}

@ARTICLE{Orrall1966,
   author = {{Orrall}, F.~Q.},
    title = "{Observational Study of Macroscopic Inhomogeneities in the Solar Atmosphere. VIII. Vertical Chromospheric Oscillations Measured in K\_$\{$3$\}$}",
  journal = {\apj},
     year = 1966,
    month = mar,
   volume = 143,
    pages = {917},
      doi = {10.1086/148567},
   adsurl = {http://adsabs.harvard.edu/abs/1966ApJ...143..917O},
  adsnote = {Provided by the SAO/NASA Astrophysics Data System}
}

@ARTICLE{Pesnell2012,
   author = {{Pesnell}, W.~D. and {Thompson}, B.~J. and {Chamberlin}, P.~C.},
    title = "{The Solar Dynamics Observatory (SDO)}",
  journal = {\solphys},
 keywords = {SDO, Solar cycle, Helioseismology, Coronal, Space weather},
     year = 2012,
    month = jan,
   volume = 275,
    pages = {3-15},
      doi = {10.1007/s11207-011-9841-3},
   adsurl = {http://adsabs.harvard.edu/abs/2012SoPh..275....3P},
  adsnote = {Provided by the SAO/NASA Astrophysics Data System}
}

@ARTICLE{Polito2016,
   author = {{Polito}, V. and {Reep}, J.~W. and {Reeves}, K.~K. and {Sim{\~o}es}, P.~J.~A. and {Dud{\'{\i}}k}, J. and {Del Zanna}, G. and {Mason}, H.~E. and {Golub}, L.},
    title = "{Simultaneous IRIS and Hinode/EIS Observations and Modelling of the 2014 October 27 X2.0 Class Flare}",
  journal = {\apj},
archivePrefix = "arXiv",
   eprint = {1512.06378},
 primaryClass = "astro-ph.SR",
 keywords = {Sun: chromosphere, Sun: flares, techniques: spectroscopic},
     year = 2016,
    month = jan,
   volume = 816,
      eid = {89},
    pages = {89},
      doi = {10.3847/0004-637X/816/2/89},
   adsurl = {http://adsabs.harvard.edu/abs/2016ApJ...816...89P},
  adsnote = {Provided by the SAO/NASA Astrophysics Data System}
}

@ARTICLE{Priest2017,
   author = {{Priest}, E.~R. and {Longcope}, D.~W.},
    title = "{Flux-Rope Twist in Eruptive Flares and CMEs: Due to Zipper and Main-Phase Reconnection}",
  journal = {\solphys},
archivePrefix = "arXiv",
   eprint = {1701.00147},
 primaryClass = "astro-ph.SR",
 keywords = {Sun: flares, Sun: magnetic topology, Magnetic reconnection, Helicity},
     year = 2017,
    month = jan,
   volume = 292,
      eid = {25},
    pages = {25},
      doi = {10.1007/s11207-016-1049-0},
   adsurl = {http://adsabs.harvard.edu/abs/2017SoPh..292...25P},
  adsnote = {Provided by the SAO/NASA Astrophysics Data System}
}

@ARTICLE{Reznikova2012,
   author = {{Reznikova}, V.~E. and {Shibasaki}, K. and {Sych}, R.~A. and {Nakariakov}, V.~M.},
    title = {\href{http://adsabs.harvard.edu/abs/2012ApJ...746..119R}{"{Three-minute Oscillations above Sunspot Umbra Observed with the Solar Dynamics Observatory/Atmospheric Imaging Assembly and Nobeyama Radioheliograph}"}},
  journal = {\apj},
archivePrefix = "arXiv",
   eprint = {1109.5434},
 primaryClass = "astro-ph.SR",
 keywords = {Sun: oscillations, Sun: radio radiation, sunspots, Sun: UV radiation, waves},
     year = 2012,
    month = feb,
   volume = 746,
      eid = {119},
    pages = {119},
      doi = {10.1088/0004-637X/746/2/119},
   adsurl = {http://adsabs.harvard.edu/abs/2012ApJ...746..119R},
  adsnote = {Provided by the SAO/NASA Astrophysics Data System}
}

@ARTICLE{Scherrer2012,
   author = {{Scherrer}, P.~H. and {Schou}, J. and {Bush}, R.~I. and {Kosovichev}, A.~G. and {Bogart}, R.~S. and {Hoeksema}, J.~T. and {Liu}, Y. and {Duvall}, T.~L. and {Zhao}, J. and {Title}, A.~M. and {Schrijver}, C.~J. and {Tarbell}, T.~D. and {Tomczyk}, S.},
    title = "{The Helioseismic and Magnetic Imager (HMI) Investigation for the Solar Dynamics Observatory (SDO)}",
  journal = {\solphys},
     year = 2012,
    month = jan,
   volume = 275,
    pages = {207-227},
      doi = {10.1007/s11207-011-9834-2},
   adsurl = {http://adsabs.harvard.edu/abs/2012SoPh..275..207S},
  adsnote = {Provided by the SAO/NASA Astrophysics Data System}
}

@ARTICLE{Scheuer1981,
   author = {{Scheuer}, M.~A. and {Thomas}, J.~H.},
    title = "{Umbral oscillations as resonant modes of magneto-atmospheric waves}",
  journal = {\solphys},
 keywords = {Magnetohydrodynamic Waves, Plasma Oscillations, Plasma Resonance, Solar Atmosphere, Sunspots, Umbras, Atmospheric Models, Chromosphere, Convection, Eigenvalues, Linear Equations, Photosphere, Resonant Frequencies, Solar Magnetic Field, Wave Equations},
     year = 1981,
    month = may,
   volume = 71,
    pages = {21-38},
      doi = {10.1007/BF00153603},
   adsurl = {http://adsabs.harvard.edu/abs/1981SoPh...71...21S},
  adsnote = {Provided by the SAO/NASA Astrophysics Data System}
}

@ARTICLE{Schou2012,
   author = {{Schou}, J. and {Scherrer}, P.~H. and {Bush}, R.~I. and {Wachter}, R. and {Couvidat}, S. and {Rabello-Soares}, M.~C. and {Bogart}, R.~S. and {Hoeksema}, J.~T. and {Liu}, Y. and {Duvall}, T.~L. and {Akin}, D.~J. and {Allard}, B.~A. and {Miles}, J.~W. and {Rairden}, R. and {Shine}, R.~A. and {Tarbell}, T.~D. and {Title}, A.~M. and {Wolfson}, C.~J. and {Elmore}, D.~F. and {Norton}, A.~A. and {Tomczyk}, S.},
    title = "{Design and Ground Calibration of the Helioseismic and Magnetic Imager (HMI) Instrument on the Solar Dynamics Observatory (SDO)}",
  journal = {\solphys},
 keywords = {Solar Dynamics Observatory, Helioseismology, observations, Instrumentation and data management, Magnetic fields, photosphere},
     year = 2012,
    month = jan,
   volume = 275,
    pages = {229-259},
      doi = {10.1007/s11207-011-9842-2},
   adsurl = {http://adsabs.harvard.edu/abs/2012SoPh..275..229S},
  adsnote = {Provided by the SAO/NASA Astrophysics Data System}
}

@ARTICLE{Schrijver2011,
   author = {{Schrijver}, C.~J. and {Aulanier}, G. and {Title}, A.~M. and {Pariat}, E. and {Delann{\'e}e}, C.},
    title = "{The 2011 February 15 X2 Flare, Ribbons, Coronal Front, and Mass Ejection: Interpreting the Three-dimensional Views from the Solar Dynamics Observatory and STEREO Guided by Magnetohydrodynamic Flux-rope Modeling}",
  journal = {\apj},
 keywords = {Sun: coronal mass ejections: CMEs, Sun: flares},
     year = 2011,
    month = sep,
   volume = 738,
      eid = {167},
    pages = {167},
      doi = {10.1088/0004-637X/738/2/167},
   adsurl = {http://adsabs.harvard.edu/abs/2011ApJ...738..167S},
  adsnote = {Provided by the SAO/NASA Astrophysics Data System}
}

@ARTICLE{Simoes2015,
   author = {{Sim{\~o}es}, P.~J.~A. and {Hudson}, H.~S. and {Fletcher}, L. },
    title = "{Soft X-Ray Pulsations in Solar Flares}",
  journal = {\solphys},
archivePrefix = "arXiv",
   eprint = {1412.3045},
 primaryClass = "astro-ph.SR",
 keywords = {Flares, impulsive phase, Oscillations, solar, X-ray bursts, hard, X-ray bursts, soft},
     year = 2015,
    month = dec,
   volume = 290,
    pages = {3625-3639},
      doi = {10.1007/s11207-015-0691-2},
   adsurl = {http://adsabs.harvard.edu/abs/2015SoPh..290.3625S},
  adsnote = {Provided by the SAO/NASA Astrophysics Data System}
}

@ARTICLE{Simoes2018,
   author = {{Sim{\~o}es}, P.~J.~A. and {Reid}, H.~A.~S. and {Milligan}, R.~O. and {Fletcher}, L.},
    title = "{The spectral content of SDO/AIA 1600 and 1700 $\backslash$AA$\backslash$ filters from flare and plage observations}",
  journal = {ArXiv e-prints},
archivePrefix = "arXiv",
   eprint = {1808.01488},
 primaryClass = "astro-ph.SR",
 keywords = {Astrophysics - Solar and Stellar Astrophysics},
     year = 2018,
    month = aug,
   adsurl = {http://adsabs.harvard.edu/abs/2018arXiv180801488S},
  adsnote = {Provided by the SAO/NASA Astrophysics Data System}
}

@ARTICLE{Stangalini2011,
   author = {{Stangalini}, M. and {Del Moro}, D. and {Berrilli}, F. and {Jefferies}, S.~M. },
    title = "{MHD wave transmission in the Sun's atmosphere}",
  journal = {\aap},
archivePrefix = "arXiv",
   eprint = {1108.4576},
 primaryClass = "astro-ph.SR",
 keywords = {Sun: oscillations, magnetohydrodynamics (MHD), Sun: surface magnetism, Sun: helioseismology},
     year = 2011,
    month = oct,
   volume = 534,
      eid = {A65},
    pages = {A65},
      doi = {10.1051/0004-6361/201117356},
   adsurl = {http://adsabs.harvard.edu/abs/2011A%26A...534A..65S},
  adsnote = {Provided by the SAO/NASA Astrophysics Data System}
}

@ARTICLE{Sutmann1995a,
   author = {{Sutmann}, G. and {Ulmschneider}, P.},
    title = "{Acoustic wave propagation in the solar atmosphere. I. Linear response to adiabatic wave excitation.}",
  journal = {\aap},
 keywords = {HYDRODYNAMICS, WAVES, SUN: CHROMOSPHERE, SUN: OSCILLATIONS},
     year = 1995,
    month = feb,
   volume = 294,
    pages = {232-240},
   adsurl = {http://adsabs.harvard.edu/abs/1995A%26A...294..232S},
  adsnote = {Provided by the SAO/NASA Astrophysics Data System}
}

@ARTICLE{Sutmann1995b,
   author = {{Sutmann}, G. and {Ulmschneider}, P.},
    title = "{Acoustic wave propagation in the solar atmosphere. II. Nonlinear response to adiabatic wave excitation.}",
  journal = {\aap},
 keywords = {HYDRODYNAMICS, SHOCK WAVES, WAVES, SUN: CHROMOSPHERE, SUN: OSCILLATIONS},
     year = 1995,
    month = feb,
   volume = 294,
    pages = {241-251},
   adsurl = {http://adsabs.harvard.edu/abs/1995A%26A...294..241S},
  adsnote = {Provided by the SAO/NASA Astrophysics Data System}
}

@ARTICLE{Sutmann1998,
   author = {{Sutmann}, G. and {Musielak}, Z.~E. and {Ulmschneider}, P.},
    title = "{Acoustic wave propagation in the solar atmosphere. III. Analytic solutions for adiabatic wave excitations}",
  journal = {\aap},
 keywords = {SUN: PHOTOSPHERE, SUN: OSCILLATIONS, SUN: CHROMOSPHERE, ACOUSTIC WAVE, SHOCK WAVES, HYDRODYNAMICS},
     year = 1998,
    month = dec,
   volume = 340,
    pages = {556-568},
   adsurl = {http://adsabs.harvard.edu/abs/1998A%26A...340..556S},
  adsnote = {Provided by the SAO/NASA Astrophysics Data System}
}

@ARTICLE{Sych2009,
   author = {{Sych}, R. and {Nakariakov}, V.~M. and {Karlicky}, M. and {Anfinogentov}, S. },
    title = "{Relationship between wave processes in sunspots and quasi-periodic pulsations in active region flares}",
  journal = {\aap},
archivePrefix = "arXiv",
   eprint = {1005.3594},
 primaryClass = "astro-ph.SR",
 keywords = {waves, magnetohydrodynamics (MHD)},
     year = 2009,
    month = oct,
   volume = 505,
    pages = {791-799},
      doi = {10.1051/0004-6361/200912132},
   adsurl = {http://adsabs.harvard.edu/abs/2009A%26A...505..791S},
  adsnote = {Provided by the SAO/NASA Astrophysics Data System}
}

@ARTICLE{Thomas1985,
   author = {{Thomas}, J.~H.},
    title = "{Oscillations in sunspots}",
  journal = {Australian Journal of Physics},
 keywords = {Solar Oscillations, Stellar Models, Sunspots, Chromosphere, Magnetic Flux, Photosphere, Power Spectra, Temporal Distribution, Umbras, Vibration Mode},
     year = 1985,
   volume = 38,
    pages = {811-824},
      doi = {10.1071/PH850811},
   adsurl = {http://adsabs.harvard.edu/abs/1985AuJPh..38..811T},
  adsnote = {Provided by the SAO/NASA Astrophysics Data System}
}

@ARTICLE{Tian2014,
   author = {{Tian}, H. and {DeLuca}, E. and {Reeves}, K.~K. and {McKillop}, S. and {De Pontieu}, B. and {Mart{\'{\i}}nez-Sykora}, J. and {Carlsson}, M. and {Hansteen}, V. and {Kleint}, L. and {Cheung}, M. and {Golub}, L. and {Saar}, S. and {Testa}, P. and {Weber}, M. and {Lemen}, J. and {Title}, A. and {Boerner}, P. and {Hurlburt}, N. and {Tarbell}, T.~D. and {Wuelser}, J.~P. and {Kankelborg}, C. and {Jaeggli}, S. and {McIntosh}, S.~W.},
    title = "{High-resolution Observations of the Shock Wave Behavior for Sunspot Oscillations with the Interface Region Imaging Spectrograph}",
  journal = {\apj},
archivePrefix = "arXiv",
   eprint = {1404.6291},
 primaryClass = "astro-ph.SR",
 keywords = {line: profiles, Sun: chromosphere, Sun: oscillations, Sun: transition region, waves},
     year = 2014,
    month = may,
   volume = 786,
      eid = {137},
    pages = {137},
      doi = {10.1088/0004-637X/786/2/137},
   adsurl = {http://adsabs.harvard.edu/abs/2014ApJ...786..137T},
  adsnote = {Provided by the SAO/NASA Astrophysics Data System}
}

@ARTICLE{Torrence1998,
    author = {{Torrence}, C. and {Compo}, G.~P.},
    title = "{A Practical Guide to Wavelet Analysis}",
    journal = {Bulletin of the American Meteorological Society},
    year = 1998,
    month = jan,
    volume = 79,
    pages = {61-78}
}

@ARTICLE{Tripathy2018,
   author = {{Tripathy}, S.~C. and {Jain}, K. and {Kholikov}, S. and {Hill}, F. and {Rajaguru}, S.~P. and {Cally}, P.~S.},
    title = "{A study of acoustic halos in active region NOAA 11330 using multi-height SDO observations}",
  journal = {Advances in Space Research},
archivePrefix = "arXiv",
   eprint = {1711.01259},
 primaryClass = "astro-ph.SR",
 keywords = {Helioseismology, Magneto-seismology, Acoustic waves, Active regions},
     year = 2018,
    month = jan,
   volume = 61,
    pages = {691-704},
      doi = {10.1016/j.asr.2017.10.033},
   adsurl = {http://adsabs.harvard.edu/abs/2018AdSpR..61..691T},
  adsnote = {Provided by the SAO/NASA Astrophysics Data System}
}

@ARTICLE{Tziotziou2006,
   author = {{Tziotziou}, K. and {Tsiropoula}, G. and {Mein}, N. and {Mein}, P.
	},
    title = "{Observational characteristics and association of umbral oscillations and running penumbral waves}",
  journal = {\aap},
 keywords = {Sun: chromosphere, Sun: oscillations, Sun: sunspots},
     year = 2006,
    month = sep,
   volume = 456,
    pages = {689-695},
      doi = {10.1051/0004-6361:20064997},
   adsurl = {http://adsabs.harvard.edu/abs/2006A%26A...456..689T},
  adsnote = {Provided by the SAO/NASA Astrophysics Data System}
}

@ARTICLE{VanDoorsselaere2016,
    author = {{Van Doorsselaere}, T. and {Kupriyanova}, E.~G. and {Yuan}, D. },
    title = "{Quasi-periodic Pulsations in Solar and Stellar Flares: An Overview of Recent Results (Invited Review)}",
    journal = {\solphys},
    archivePrefix = "arXiv",
    eprint = {1609.02689},
    primaryClass = "astro-ph.SR",
    keywords = {Flares, dynamics, Flares, waves, Oscillations, solar, Oscillations, stellar, Coronal seismology},
    year = 2016,
    month = nov,
    volume = 291,
    pages = {3143-3164},
    doi = {10.1007/s11207-016-0977-z},
    adsurl = {http://adsabs.harvard.edu/abs/2016SoPh..291.3143V},
    adsnote = {Provided by the SAO/NASA Astrophysics Data System}
}

@ARTICLE{Vernazza1981,
   author = {{Vernazza}, J.~E. and {Avrett}, E.~H. and {Loeser}, R.},
    title = "{Structure of the solar chromosphere. III - Models of the EUV brightness components of the quiet-sun}",
  journal = {\apjs},
 keywords = {Atmospheric Models, Brightness Temperature, Chromosphere, Extreme Ultraviolet Radiation, Nonequilibrium Thermodynamics, Radiative Heat Transfer, Solar Atmosphere, Ultraviolet Spectra, Atmospheric Heating, Atomic Energy Levels, Carbon, Graphs (Charts), Hydrogen Atoms, Iron, Lyman Spectra, Solar Temperature, Tables (Data)},
     year = 1981,
    month = apr,
   volume = 45,
    pages = {635-725},
      doi = {10.1086/190731},
   adsurl = {http://adsabs.harvard.edu/abs/1981ApJS...45..635V},
  adsnote = {Provided by the SAO/NASA Astrophysics Data System}
}

@INPROCEEDINGS{Viereck2007,
   author = {{Viereck}, R. and {Hanser}, F. and {Wise}, J. and {Guha}, S. and {Jones}, A. and {McMullin}, D. and {Plunket}, S. and {Strickland}, D. and {Evans}, S.},
    title = "{Solar extreme ultraviolet irradiance observations from GOES: design characteristics and initial performance}",
booktitle = {Solar Physics and Space Weather Instrumentation II},
     year = 2007,
   series = {\procspie},
   volume = 6689,
    month = sep,
      eid = {66890K},
    pages = {66890K},
      doi = {10.1117/12.734886},
   adsurl = {http://adsabs.harvard.edu/abs/2007SPIE.6689E..0KV},
  adsnote = {Provided by the SAO/NASA Astrophysics Data System}
}

@ARTICLE{Wittmann1969,
   author = {{Wittmann}, A.},
    title = "{Some Properties of Umbral Flashes}",
  journal = {\solphys},
     year = 1969,
    month = jun,
   volume = 7,
    pages = {366-369},
      doi = {10.1007/BF00146141},
   adsurl = {http://adsabs.harvard.edu/abs/1969SoPh....7..366W},
  adsnote = {Provided by the SAO/NASA Astrophysics Data System}
}

@ARTICLE{Woods2004,
   author = {{Woods}, T.~N. and {Eparvier}, F.~G. and {Fontenla}, J. and {Harder}, J. and {Kopp}, G. and {McClintock}, W.~E. and {Rottman}, G. and {Smiley}, B. and {Snow}, M.},
    title = "{Solar irradiance variability during the October 2003 solar storm period}",
  journal = {\grl},
 keywords = {Atmospheric Composition and Structure: Middle atmosphere-energy deposition, Solar Physics, Astrophysics, and Astronomy: Flares, and Astronomy: Solar irradiance, and Astronomy: Ultraviolet emissions},
     year = 2004,
    month = may,
   volume = 31,
      eid = {L10802},
    pages = {L10802},
      doi = {10.1029/2004GL019571},
   adsurl = {http://adsabs.harvard.edu/abs/2004GeoRL..3110802W},
  adsnote = {Provided by the SAO/NASA Astrophysics Data System}
}

@ARTICLE{Woods2017,
   author = {{Woods}, M.~M. and {Harra}, L.~K. and {Matthews}, S.~A. and {Mackay}, D.~H. and {Dacie}, S. and {Long}, D.~M.},
    title = "{Observations and Modelling of the Pre-flare Period of the 29 March 2014 X1 Flare}",
  journal = {\solphys},
archivePrefix = "arXiv",
   eprint = {1701.06457},
 primaryClass = "astro-ph.SR",
 keywords = {Flares, Pre-flare phenomena, Magnetic fields, Models},
     year = 2017,
    month = feb,
   volume = 292,
      eid = {38},
    pages = {38},
      doi = {10.1007/s11207-017-1064-9},
   adsurl = {http://adsabs.harvard.edu/abs/2017SoPh..292...38W},
  adsnote = {Provided by the SAO/NASA Astrophysics Data System}
}

@ARTICLE{Yang2009,
   author = {{Yang}, S.~H. and {Zhang}, J. and {Jin}, C.~L. and {Li}, L.~P. and {Duan}, H.~Y.},
    title = "{Response of the solar atmosphere to magnetic field evolution in a coronal hole region}",
  journal = {\aap},
archivePrefix = "arXiv",
   eprint = {0904.2684},
 primaryClass = "astro-ph.SR",
 keywords = {Sun: magnetic fields, Sun: evolution, Sun: atmosphere, Sun: filaments},
     year = 2009,
    month = jul,
   volume = 501,
    pages = {745-753},
      doi = {10.1051/0004-6361/200810601},
   adsurl = {http://adsabs.harvard.edu/abs/2009A%26A...501..745Y},
  adsnote = {Provided by the SAO/NASA Astrophysics Data System}
}

@ARTICLE{Zhugzhda2008,
   author = {{Zhugzhda}, Y.~D.},
    title = "{Seismology of a Sunspot Atmosphere}",
  journal = {\solphys},
 keywords = {Sun: sunspots, Sun: oscillations},
     year = 2008,
    month = sep,
   volume = 251,
    pages = {501-514},
      doi = {10.1007/s11207-008-9251-3},
   adsurl = {http://adsabs.harvard.edu/abs/2008SoPh..251..501Z},
  adsnote = {Provided by the SAO/NASA Astrophysics Data System}
}
